<record><leader>00000cas a22000007a 4500</leader><controlfield tag="001">10985892</controlfield><controlfield tag="008">840725d18611876nhuwr ne      0    0eng d</controlfield><datafield ind1=" " ind2=" " tag="010"><subfield code="a">sn 84023784 </subfield></datafield><datafield ind1=" " ind2=" " tag="040"><subfield code="a">AQM</subfield><subfield code="b">eng</subfield><subfield code="c">AQM</subfield><subfield code="d">NPX</subfield><subfield code="d">NVH</subfield><subfield code="d">OCLCQ</subfield></datafield><datafield ind1=" " ind2=" " tag="042"><subfield code="a">msc</subfield></datafield><datafield ind1="0" ind2=" " tag="130"><subfield code="a">Laconia Democrat (Laconia, N.H. : 1861)</subfield></datafield><datafield ind1="1" ind2="4" tag="245"><subfield code="a">The Laconia Democrat.</subfield></datafield><datafield ind1=" " ind2=" " tag="260"><subfield code="a">Laconia, N.H. :</subfield><subfield code="b">S.C. Baldwin</subfield></datafield><datafield ind1=" " ind2=" " tag="300"><subfield code="a">v.</subfield></datafield><datafield ind1=" " ind2=" " tag="310"><subfield code="a">Weekly</subfield></datafield><datafield ind1="0" ind2=" " tag="362"><subfield code="a">Vol. 12, no. 29 (July 19, 1861)-v. 28, no. 23 (June 8, 1876).</subfield></datafield><datafield ind1=" " ind2=" " tag="580"><subfield code="a">Merged with: New Hampshire weekly news, and: Connecticut River Valley news, to form: Democrat and news (Laconia, N.H.).</subfield></datafield><datafield ind1=" " ind2=" " tag="752"><subfield code="a">United States</subfield><subfield code="b">New Hampshire</subfield><subfield code="c">Belknap</subfield><subfield code="d">Laconia.</subfield></datafield><datafield ind1="0" ind2="0" tag="780"><subfield code="t">New Hampshire Democrat (Laconia, N.H.)</subfield><subfield code="w">(DLC)sn 84023783</subfield></datafield><datafield ind1="1" ind2="7" tag="785"><subfield code="t">New Hampshire weekly news</subfield><subfield code="w">(DLC)sn 84023605</subfield></datafield><datafield ind1="1" ind2="7" tag="785"><subfield code="t">Connecticut River Valley news</subfield></datafield><datafield ind1="1" ind2="7" tag="785"><subfield code="t">Democrat and news (Laconia, N.H.)</subfield><subfield code="w">(DLC)sn 84023785</subfield></datafield></record>